@book{lovins1968development,
  title={Development of a stemming algorithm},
  author={Lovins, Julie B},
  year={1968},
  publisher={MIT Information Processing Group, Electronic Systems Laboratory}
}

@article{pang2008opinion,
  title={Opinion mining and sentiment analysis},
  author={Pang, Bo and Lee, Lillian},
  journal={Foundations and trends in information retrieval},
  volume={2},
  number={1-2},
  pages={1--135},
  year={2008},
  publisher={Now Publishers Inc.}
}