@incollection{baccianella2009multi,
  title={Multi-facet rating of product reviews},
  author={Baccianella, Stefano and Esuli, Andrea and Sebastiani, Fabrizio},
  booktitle={Advances in Information Retrieval},
  pages={461--472},
  year={2009},
  publisher={Springer}
}

@article{pang2008opinion,
  title={Opinion mining and sentiment analysis},
  author={Pang, Bo and Lee, Lillian},
  journal={Foundations and trends in information retrieval},
  volume={2},
  number={1-2},
  pages={1--135},
  year={2008},
  publisher={Now Publishers Inc.}
}

@inproceedings{mcauley2012learning,
  title={Learning attitudes and attributes from multi-aspect reviews},
  author={McAuley, Julian and Leskovec, Jure and Jurafsky, Dan},
  booktitle={Data Mining (ICDM), 2012 IEEE 12th International Conference on},
  pages={1020--1025},
  year={2012},
  organization={IEEE}
}

@inproceedings{ganu2009beyond,
  title={Beyond the Stars: Improving Rating Predictions using Review Text Content.},
  author={Ganu, Gayatree and Elhadad, Noemie and Marian, Am{\'e}lie},
  booktitle={WebDB},
  volume={9},
  pages={1--6},
  year={2009},
  organization={Citeseer}
}

@article{buhrmester2011amazon,
  title={Amazon's Mechanical Turk a new source of inexpensive, yet high-quality, data?},
  author={Buhrmester, Michael and Kwang, Tracy and Gosling, Samuel D},
  journal={Perspectives on psychological science},
  volume={6},
  number={1},
  pages={3--5},
  year={2011},
  publisher={Sage Publications}
}

@inproceedings{kittur2008crowdsourcing,
  title={Crowdsourcing user studies with Mechanical Turk},
  author={Kittur, Aniket and Chi, Ed H and Suh, Bongwon},
  booktitle={Proceedings of the SIGCHI conference on human factors in computing systems},
  pages={453--456},
  year={2008},
  organization={ACM}
}

@inproceedings{sheng2008get,
  title={Get another label? improving data quality and data mining using multiple, noisy labelers},
  author={Sheng, Victor S and Provost, Foster and Ipeirotis, Panagiotis G},
  booktitle={Proceedings of the 14th ACM SIGKDD international conference on Knowledge discovery and data mining},
  pages={614--622},
  year={2008},
  organization={ACM}
}

@misc{veblen,
  title = {Veblen Good},
  howpublished = {\url{http://www.investopedia.com/terms/v/veblen-good.asp#ixzz3jxcbS5wb}},
  note = {Accessed: 2015-09-04}
}