@article{buhrmester2011amazon,
	title={Amazon's Mechanical Turk a new source of inexpensive, yet high-quality, data?},
	author={Buhrmester, Michael and Kwang, Tracy and Gosling, Samuel D},
	journal={Perspectives on psychological science},
	volume={6},
	number={1},
	pages={3--5},
	year={2011},
	publisher={Sage Publications}
}

@inproceedings{sheng2008get,
	title={Get another label? improving data quality and data mining using multiple, noisy labelers},
	author={Sheng, Victor S and Provost, Foster and Ipeirotis, Panagiotis G},
	booktitle={Proceedings of the 14th ACM SIGKDD international conference on Knowledge discovery and data mining},
	pages={614--622},
	year={2008},
	organization={ACM}
}